<?xml version="1.0" encoding="UTF-8"?><record xmlns="http://www.loc.gov/MARC21/slim" xmlns:cinclude="http://apache.org/cocoon/include/1.0" xmlns:zs="http://www.loc.gov/zing/srw/">
  <leader>00602cz  a2200181n  4500</leader>
  <controlfield tag="001">n  88028059 </controlfield>
  <controlfield tag="003">DLC</controlfield>
  <controlfield tag="005">20060218071913.0</controlfield>
  <controlfield tag="008">880908n| acannaabn          |n ana      </controlfield>
  <datafield tag="010" ind1=" " ind2=" ">
    <subfield code="a">n  88028059 </subfield>
  </datafield>
  <datafield tag="035" ind1=" " ind2=" ">
    <subfield code="a">(OCoLC)oca02356701</subfield>
  </datafield>
  <datafield tag="040" ind1=" " ind2=" ">
    <subfield code="a">DLC</subfield>
    <subfield code="b">eng</subfield>
    <subfield code="c">DLC</subfield>
    <subfield code="d">OCoLC</subfield>
  </datafield>
  <datafield tag="043" ind1=" " ind2=" ">
    <subfield code="a">n-us-nj</subfield>
  </datafield>
  <datafield tag="151" ind1=" " ind2=" ">
    <subfield code="a">Pleasant Valley (N.J.)</subfield>
  </datafield>
  <datafield tag="670" ind1=" " ind2=" ">
    <subfield code="a">NUCMC data from Rutgers Univ. Libr. for Pleasant Valley Vigilant Association (N.J.) Records, 1874-1978</subfield>
    <subfield code="b">(Pleasant Valley, N.J.)</subfield>
  </datafield>
  <datafield tag="670" ind1=" " ind2=" ">
    <subfield code="a">Rand McNally</subfield>
    <subfield code="b">(Pleasant Valley, Warren County, N.J.)</subfield>
  </datafield>
  <datafield tag="675" ind1=" " ind2=" ">
    <subfield code="a">Col. Lipp. gaz.</subfield>
  </datafield>
  <datafield tag="781" ind1=" " ind2="0">
    <subfield code="z">New Jersey</subfield>
    <subfield code="z">Pleasant Valley</subfield>
  </datafield>
</record>